@article{o2018stabilization,
  title={Stabilization of ferroelectric \ce{Hf_xZr_{1-x}O2} films using a millisecond flash lamp annealing technique},
  author={Oâ€™Connor, {\'E}amon and Halter, Mattia and Eltes, Felix and Sousa, Marilyne and Kellock, Andrew and Abel, Stefan and Fompeyrine, Jean},
  journal={Apl Materials},
  volume={6},
  number={12},
  pages={121103},
  year={2018},
  publisher={AIP Publishing LLC}
}

hej hej test

@article{cheema2020one,
  title={One nanometer \ce{HfO2}-based ferroelectric tunnel junctions on silicon},
  author={Cheema, Suraj S and Shanker, Nirmaan and Hsu, Cheng-Hsiang and Datar, Adhiraj and Bae, Jongho and Kwon, Daewoong and Salahuddin, Sayeef},
  journal={arXiv preprint arXiv:2007.06182},
  year={2020}
}



@article{garcia2014ferroelectric,
  title={Ferroelectric tunnel junctions for information storage and processing},
  author={Garcia, Vincent and Bibes, Manuel},
  journal={Nature communications},
  volume={5},
  number={1},
  pages={1--12},
  year={2014},
  publisher={Nature Publishing Group}
}.
    


@article{kang2016structural,
  title={Structural and electrical properties of EOT \ce{HfO2} (< 1 nm) grown on InAs by atomic layer deposition and its thermal stability},
  author={Kang, Yu-Seon and Kang, Hang-Kyu and Kim, Dae-Kyoung and Jeong, Kwang-Sik and Baik, Min and An, Youngseo and Kim, Hyoungsub and Song, Jin-Dong and Cho, Mann-Ho},
  journal={ACS applied materials \& interfaces},
  volume={8},
  number={11},
  pages={7489--7498},
  year={2016},
  publisher={ACS Publications}
}



@article{rebohle2016review,
  title={A review of thermal processing in the subsecond range: semiconductors and beyond},
  author={Rebohle, Lars and Prucnal, Slawomir and Skorupa, Wolfgang},
  journal={Semiconductor Science and Technology},
  volume={31},
  number={10},
  pages={103001},
  year={2016},
  publisher={IOP Publishing}
}



@article{mikolajick2020past,
  title={The past, the present, and the future of ferroelectric memories},
  author={Mikolajick, T and Schroeder, U and Slesazeck, S},
  journal={IEEE Transactions on Electron Devices},
  volume={67},
  number={4},
  pages={1434--1443},
  year={2020},
  publisher={IEEE}
}



@inproceedings{grenouillet2020nanosecond,
  title={Nanosecond Laser Anneal (NLA) for \ce{Si}-implanted \ce{HfO2} Ferroelectric Memories Integrated in Back-End Of Line (BEOL)},
  author={Grenouillet, L and Francois, T and Coignus, J and Kerdil{\`e}s, S and Vaxelaire, N and Carabasse, C and Mehmood, F and Chevalliez, S and Pellissier, C and Triozon, F and others},
  booktitle={2020 IEEE Symposium on VLSI Technology},
  pages={1--2},
  year={2020},
  organization={IEEE}
}



@article{persson2020method,
  title={A method for estimating defects in ferroelectric thin film MOSCAPs},
  author={Persson, Anton EO and Athle, Robin and Svensson, Johannes and Borg, Mattias and Wernersson, Lars-Erik},
  journal={Applied Physics Letters},
  volume={117},
  number={24},
  pages={242902},
  year={2020},
  publisher={AIP Publishing LLC}
}



@phdthesis{boyn2016ferroelectric,
  title={Ferroelectric tunnel junctions: memristors for neuromorphic computing},
  author={Boyn, S{\"o}ren},
  year={2016},
  school={Universit{\'e} Paris-Saclay (ComUE)}
}



@article{havir2020growth,
  title={Growth and Characterization of Ferroelectric Lanthanum-Doped Hafnia},
  author={Havir, Harald},
  journal={LUP Student Papers},
  year={2020}
}



@article{migita2019phase,
  title={Phase transformation behavior of ultrathin Hf0. 5Zr0. 5O2 films investigated through wide range annealing experiments},
  author={Migita, Shinji and Ota, Hiroyuki and Shibuya, Keisuke and Yamada, Hiroyuki and Sawa, Akihito and Matsukawa, Takashi and Toriumi, Akira},
  journal={Japanese Journal of Applied Physics},
  volume={58},
  number={SB},
  pages={SBBA07},
  year={2019},
  publisher={IOP Publishing}
}



@article{muller2012ferroelectricity,
  title={Ferroelectricity in simple binary ZrO2 and HfO2},
  author={Muller, Johannes and Boscke, Tim S and Schroder, Uwe and Mueller, Stefan and Brauhaus, Dennis and Bottger, Ulrich and Frey, Lothar and Mikolajick, Thomas},
  journal={Nano letters},
  volume={12},
  number={8},
  pages={4318--4323},
  year={2012},
  publisher={ACS Publications}
}



@article{volodina2021ferroelectric,
  title={Ferroelectric \ce{Hf_{0.5}Zr_{0.5}O2} Thin Films Crystallized by Pulsed Laser Annealing},
  author={Volodina, Natalia and Dmitriyeva, Anna and Chouprik, Anastasia and Gatskevich, Elena and Zenkevich, Andrei},
  journal={physica status solidi (RRL)--Rapid Research Letters},
  volume={15},
  number={5},
  pages={2100082},
  year={2021},
  publisher={Wiley Online Library}
}



@article{narasimhan2021situ,
  title={In Situ Characterization of Ferroelectric HfO2 During Rapid Thermal Annealing},
  author={Narasimhan, Vijay Kris and McBriarty, Martin E and Passarello, Donata and Adinolfi, Valerio and Toney, Michael F and Mehta, Apurva and Littau, Karl A},
  journal={physica status solidi (RRL)--Rapid Research Letters},
  volume={15},
  number={5},
  pages={2000598},
  year={2021},
  publisher={Wiley Online Library}
}



@article{atle2019development,
  title={Development of Ferroelectric Hafnium Oxide for Negative Capacitance Field Effect Transistors},
  author={Atle, Robin},
  journal={LUP Student Papers},
  year={2019}
}

Very good structure and flow. Adapt this structure into your thesis!

@article{cheema2020enhanced,
  title={Enhanced ferroelectricity in ultrathin films grown directly on silicon},
  author={Cheema, Suraj S and Kwon, Daewoong and Shanker, Nirmaan and Dos Reis, Roberto and Hsu, Shang-Lin and Xiao, Jun and Zhang, Haigang and Wagner, Ryan and Datar, Adhiraj and McCarter, Margaret R and others},
  journal={Nature},
  volume={580},
  number={7804},
  pages={478--482},
  year={2020},
  publisher={Nature Publishing Group}
}



@book{schroeder2019ferroelectricity,
  title={Ferroelectricity in doped hafnium oxide: materials, properties and devices},
  author={Schroeder, Uwe and Hwang, Cheol Seong and Funakubo, Hiroshi},
  year={2019},
  publisher={Woodhead Publishing}
}




